<?xml version="1.0" encoding="UTF-8"?><collection><record><leader>08058ntm a2200697 a 4500</leader><controlfield tag="001">006819212</controlfield><controlfield tag="003">MiAaHDL</controlfield><controlfield tag="005">20190719000000.0</controlfield><controlfield tag="006">m        d        </controlfield><controlfield tag="007">cr bn ---auaua</controlfield><controlfield tag="008">090616m19351940xx            00| ||ara d</controlfield><datafield tag="035" ind1=" " ind2=" "><subfield code="a">(MiU)006819212</subfield></datafield><datafield tag="035" ind1=" " ind2=" "><subfield code="a">sdr-miu006819212</subfield></datafield><datafield tag="040" ind1=" " ind2=" "><subfield code="a">MiU</subfield><subfield code="c">MiU</subfield><subfield code="e">amremm</subfield></datafield><datafield tag="043" ind1=" " ind2=" "><subfield code="a">n-us-mi</subfield></datafield><datafield tag="100" ind1="1" ind2=" "><subfield code="6">880-01</subfield><subfield code="a">Iṣfahānī, Muḥammad Ismāʻīl ibn al-Sumayʻ.</subfield></datafield><datafield tag="245" ind1="1" ind2="0"><subfield code="6">880-03</subfield><subfield code="a">[Sharḥ al-Risālah al-mawsūmah bi-al-ʻArshīyah ... etc.,</subfield><subfield code="f">1354, i.e. 1935 and 1358, i.e. 1940].</subfield></datafield><datafield tag="246" ind1="3" ind2=" "><subfield code="i">Title from inscription in pencil on incipit page (p.1):</subfield><subfield code="a">شرح زين العابدين بن محمد جواد النوري على العرشية</subfield></datafield><datafield tag="260" ind1=" " ind2=" "><subfield code="c">[1935 and 1940].</subfield></datafield><datafield tag="300" ind1=" " ind2=" "><subfield code="a">335 leaves :</subfield><subfield code="b">paper ;</subfield><subfield code="c">311 x 200-212 mm. bound to 320 x 222 mm.</subfield></datafield><datafield tag="500" ind1=" " ind2=" "><subfield code="a">Shelfmark: Ann Arbor, University of Michigan, Special Collections Library, Isl. Ms. 920</subfield></datafield><datafield tag="500" ind1=" " ind2=" "><subfield code="a">Origin: As appears in colophon on p.399, transcription of Kitāb Asrār al-āyāt (and likely preceding work as well), completed 8 Dhū al-Ḥijjah 1358 corresponding to 18 January 1940 and 9 Ṭūbah [1656]. As appears in colophon on p.669, transcription of Uthūlūjiyā Arīsṭū completed 7 Jumādá I 1354, corresponding to 7 August 1935. All likely transcribed in Egypt, and eventually bound together for James Heyworth-Dunne (d.1974). Several of the included works likely copied from printed editions.</subfield></datafield><datafield tag="500" ind1=" " ind2=" "><subfield code="a">Former shelfmark: Mich. Isl. Ms. temp. no. 69</subfield></datafield><datafield tag="500" ind1=" " ind2=" "><subfield code="a">Binding: Boards covered in dark green cloth with dark green leather over spine (quarter binding) ; pastedowns and flyleaves in wove paper printed with a floral vegetal pattern in green ; spine gold-stamped with title and decorative accents over raised bands "شرح زين العابدين | J.H.D." ; sewing difficult to examine ; stuck-on endbands (blue and white stripe) ; overall in fairly good condition though with acid burn where pressure sensitive tape has been applied to repair front flyleaf.</subfield></datafield><datafield tag="500" ind1=" " ind2=" "><subfield code="a">Support: Lined / ruled wove paper of at least two types.</subfield></datafield><datafield tag="500" ind1=" " ind2=" "><subfield code="a">Script: Ruqʻah ; quick, compact, modern hand in a thin to bold line (line thickness changes) ; serifless and freely ligatured with mainly closed counters, slight effect of inclination to the right and of words descending to baseline, pointing somewhat careless and in strokes rather than distinct dots.</subfield></datafield><datafield tag="500" ind1=" " ind2=" "><subfield code="a">Layout: Written mainly in 26 lines per page.</subfield></datafield><datafield tag="500" ind1=" " ind2=" "><subfield code="a">Collation: Pagination in pencil, Western numerals, supplied during digitization.</subfield></datafield><datafield tag="500" ind1=" " ind2=" "><subfield code="a">Colophon: [Kitāb Asrār al-āyāt] "تم هذا الكتاب في فجر اليوم الثامن من شهر ذي الحجة ١٣٥٨ هجرية الموافق للثامن عشر من شهر يناير ١٩٤٠ ميلادية و التاسع من شهر طوبة قبطية والحمد لله اولا واخرا ..." ; [Kitāb Uthūlūjiyā Arīsṭū] "Scribal," reads "تم في يوم الاربعاء سابع جمادى الاولى س ١٣٥٤ الموافق سابع اغسطس ١٩٣٥ والحمد لله اولا واخرا وبداء واختتاما"</subfield></datafield><datafield tag="500" ind1=" " ind2=" "><subfield code="a">Incipit: [Muqaddimat al-nāshir] "الحمد لله وزان علمه وكفى والصلاة على عباده الذين اصطفى وبعد فان الرسالة الموسومة بالعرشية ..." [Sharḥ al-ʻArshīyah]"شرح الرسالة الموسومة بالعرشية لخاتم الحكماء المتألهين ملا اسماعيل الاصفهاني ... بسم الله الرحمن الرحيم الحمد لله الذي خلقنا بقدرته ثم هدانا الى سبيل معرفته ... وبعد فيقول اقل الخليقة جرما واكثرها جرما العبد الذليل ... محمد اسماعيل بن السميع الاصفهاني ... اني لما رأيت الرسالة الشريفة الموسومة بالحكمة العرشية للمولى الفاضل ... محمد بن ابراهيم المعروف بصدر الشيرازي ..." [Asrār al-āyāt] "هذا كتاب اسرار الايات لامام المتألهين ... نحمدك اللهم يا من تحيرت في بيداء كبريائه الالباب ..." ; [Muqaddimat al-nāshir] "الحمد لله وزان علمه وكفى والصلاة على عباده الذين اصطفى وبعد فان الرسالة الموسومة بالعرشية ..." ; [Sharḥ al-ʻArshīyah] "الحمد لله الذي خلقنا بقدرته ثم هدانا الى سبيل معرفته ..." ; [Uthūlūjiyā Arīsṭū] "مقدمة جدير بكل ساع لمعرفة الغاية التي هو عائد اليها سعيا منبعثا ..."</subfield></datafield><datafield tag="500" ind1=" " ind2=" "><subfield code="a">Title supplied by cataloguer from heading on p.2.</subfield></datafield><datafield tag="500" ind1=" " ind2=" "><subfield code="a">Ms. codex.</subfield></datafield><datafield tag="505" ind1="0" ind2=" "><subfield code="a">4. p.566-p.669 : Hādhā Kitāb Uthūlūjiyā (Thuyūlūjiyā) Arīsṭū fī al-fann al-rubūbī min funūn Mā baʼda al-ṭabīʻah.</subfield></datafield><datafield tag="505" ind1="0" ind2=" "><subfield code="a">3. p.399-565 : Sharḥ al-ʻArshīyah li-Mullā Ṣadrā / Mullā Ismāʻīl al-Iṣfahānī.</subfield></datafield><datafield tag="505" ind1="0" ind2=" "><subfield code="a">2. p.220-p.399 : Hādhā Kitāb Asrār al-āyāt / Muḥammad ibn Ibrāhīm Ṣadr al-Dīn al-Shīrāzī.</subfield></datafield><datafield tag="505" ind1="0" ind2=" "><subfield code="a">1. p.1-p.220: Sharḥ al-Risālah al-mawsūmah bi-al-ʻArshīyah / Muḥammad Ismāʻīl ibn al-Sumayʻ al-Iṣfahānī.</subfield></datafield><datafield tag="510" ind1="4" ind2=" "><subfield code="a">Āghā Buzurg al-Ṭihrānī. al-Dharīʻah ilá taṣānīf al-Shīʻah,</subfield><subfield code="c">no.1374 vol.13 p.368</subfield></datafield><datafield tag="510" ind1="4" ind2=" "><subfield code="a">MacEoin, D. "Mullā Ṣadrā S̲H̲īrāzī Ṣadr al-Dīn Muḥammad b. Ibrāhīm Ḳawāmī S̲h̲īrāzī." In EI2,</subfield><subfield code="c">vol. VII, p.547, col. 2</subfield></datafield><datafield tag="510" ind1="4" ind2=" "><subfield code="a">Brockelmann, C. GAL,</subfield><subfield code="c">II 413 ; S II 588 ff.</subfield></datafield><datafield tag="520" ind1="8" ind2=" "><subfield code="a">Careful copy of the commentary by Muḥammad Ismāʻīl ibn al-Sumayʻ al-Iṣfahānī (d.1860 or 61) on al-Ḥikmah al-ʻarshīyah, the popular work on knowledge of God and eschatology by Mullā Ṣadrā Shīrāzī (d.1640), apparently followed by Asrār al-āyāt, also by Mullā Ṣadrā, another copy of the opening commentary, and Kitāb Uthūlūjiyā (Thuyūlūjiyā) Arīsṭū (i.e. the Theology of Aristotle or Theologia Aristotelis, see Isl. Ms. 910).</subfield></datafield><datafield tag="538" ind1=" " ind2=" "><subfield code="a">Mode of access: Internet.</subfield></datafield><datafield tag="541" ind1=" " ind2=" "><subfield code="a">Acquired in the Fall of 1950.</subfield></datafield><datafield tag="546" ind1=" " ind2=" "><subfield code="a">Arabic.</subfield></datafield><datafield tag="561" ind1=" " ind2=" "><subfield code="a">On upper pastedown label with ex libris of James Heyworth-Dunne (d.1974), stamped with inventory number, "Ex Libris | J. Heyworth-Dunne | D. Lit. (London) | No 7961" ; UM Library inscription on verso of front flyleaf "Dunning | Heyworth-Dunne | 6-11-51 | 71955" ; possible former inventory mark "231/53" in pencil on incipit page (p.1) ; marginal glosses.</subfield></datafield><datafield tag="600" ind1="0" ind2="0"><subfield code="a">Aristotle</subfield><subfield code="v">Spurious and doubtful works.</subfield></datafield><datafield tag="600" ind1="1" ind2="0"><subfield code="a">Ṣadr al-Dīn al-Shīrāzī, Muḥammad ibn Ibrāhīm,</subfield><subfield code="d">d. 1641.</subfield><subfield code="t">Ḥikmah al-ʻarshīyah.</subfield></datafield><datafield tag="630" ind1="0" ind2="0"><subfield code="a">Qurʼan</subfield><subfield code="x">Criticism, interpretation, etc.</subfield><subfield code="v">Early works to 1800.</subfield></datafield><datafield tag="650" ind1=" " ind2="0"><subfield code="a">Manuscripts, Arabic</subfield><subfield code="z">Michigan</subfield><subfield code="z">Ann Arbor.</subfield></datafield><datafield tag="650" ind1=" " ind2="0"><subfield code="a">Philosophy, Ancient</subfield><subfield code="v">Translations into Arabic</subfield><subfield code="v">Early works to 1800.</subfield></datafield><datafield tag="650" ind1=" " ind2="0"><subfield code="a">Islamic philosophy</subfield><subfield code="v">Early works to 1800.</subfield></datafield><datafield tag="700" ind1="0" ind2="2"><subfield code="a">Plotinus.</subfield><subfield code="t">Enneads.</subfield><subfield code="n">IV-VI.</subfield><subfield code="k">Paraphrase.</subfield><subfield code="l">Arabic.</subfield></datafield><datafield tag="700" ind1="1" ind2="2"><subfield code="6">880-07</subfield><subfield code="a">Ṣadr al-Dīn al-Shīrāzī, Muḥammad ibn Ibrāhīm,</subfield><subfield code="d">d. 1641.</subfield><subfield code="t">Asrār al-āyāt.</subfield></datafield><datafield tag="700" ind1="1" ind2=" "><subfield code="a">Heyworth-Dunne, J.</subfield><subfield code="q">(James),</subfield><subfield code="e">former owner.</subfield></datafield><datafield tag="730" ind1="0" ind2="2"><subfield code="6">880-08</subfield><subfield code="a">Kitāb Uthūlūjiyā Arisṭāṭālis.</subfield></datafield><datafield tag="740" ind1="0" ind2="2"><subfield code="6">880-06</subfield><subfield code="a">Sharḥ al-Ḥikmah al-ʻarshīyah.</subfield></datafield><datafield tag="773" ind1="0" ind2=" "><subfield code="a">Heyworth-Dunne Collection.</subfield></datafield><datafield tag="880" ind1="0" ind2="2"><subfield code="6">730-08/</subfield><subfield code="a">كتاب اثولوجيا ارسطاطالس</subfield></datafield><datafield tag="880" ind1="1" ind2="2"><subfield code="6">700-07/</subfield><subfield code="a">صدر الدين الشيرازي، محمد بن ابراهيم.</subfield><subfield code="t">اسرار الايات.</subfield></datafield><datafield tag="880" ind1="0" ind2="2"><subfield code="6">740-06/</subfield><subfield code="a">شرح الحكمة العرشية.</subfield></datafield><datafield tag="880" ind1="1" ind2="0"><subfield code="6">245-03/</subfield><subfield code="a">[شرح الرسالة الموسومة بالعرشية ... الخ,</subfield><subfield code="f">1354ه, 1935م و1358ه، 1940م].</subfield></datafield><datafield tag="880" ind1="1" ind2=" "><subfield code="6">100-01/</subfield><subfield code="a">اصفهاني، محمد اسماعيل بن السميع.</subfield></datafield><datafield tag="CID" ind1=" " ind2=" "><subfield code="a">006819212</subfield></datafield><datafield tag="DAT" ind1="0" ind2=" "><subfield code="a">20190719102639.0</subfield><subfield code="b">20190719000000.0</subfield></datafield><datafield tag="DAT" ind1="1" ind2=" "><subfield code="a">20190719090653.0</subfield><subfield code="b">2019-07-19T16:12:21Z</subfield></datafield><datafield tag="DAT" ind1="2" ind2=" "><subfield code="a">2015-10-02T18:00:03Z</subfield></datafield><datafield tag="CAT" ind1=" " ind2=" "><subfield code="a">SDR-MIU</subfield><subfield code="d">EX LIBRIS - ALEPH</subfield><subfield code="l">prepare.pl-004-008</subfield></datafield><datafield tag="FMT" ind1=" " ind2=" "><subfield code="a">BK</subfield></datafield><datafield tag="HOL" ind1=" " ind2=" "><subfield code="0">sdr-miu006819212</subfield><subfield code="a">MiU</subfield><subfield code="b">SDR</subfield><subfield code="c">MIU</subfield><subfield code="p">mdp.39015079130350</subfield><subfield code="s">MIU</subfield><subfield code="1">006819212</subfield></datafield><datafield tag="974" ind1=" " ind2=" "><subfield code="b">MIU</subfield><subfield code="c">MIU</subfield><subfield code="d">20190719</subfield><subfield code="s">lit-dlps-dc</subfield><subfield code="u">mdp.39015079130350</subfield><subfield code="y">1940</subfield><subfield code="r">ic-world</subfield><subfield code="q">man</subfield></datafield></record></collection>